<?xml version="1.0" encoding="UTF-8"?><collection xmlns="http://www.loc.gov/MARC21/slim"><record><leader>00295nam--2200121-i-4500</leader><controlfield tag="001">000035028</controlfield><controlfield tag="002">20161230</controlfield><controlfield tag="005">20161230201040</controlfield><controlfield tag="008">060222s1000------------r-----000-0-eng-d</controlfield><datafield ind1=" " ind2=" " tag="245"><subfield code="a">Nuclear graphite</subfield></datafield><datafield ind1=" " ind2=" " tag="260"><subfield code="a">New York, Academic Press, 1962. Xiii+547p</subfield></datafield><datafield ind1=" " ind2=" " tag="700"><subfield code="a">Nightingale, R.E</subfield></datafield><datafield ind1=" " ind2=" " tag="852"><subfield code="a">18454</subfield></datafield></record></collection>